@inproceedings{anderson2012discovering,
  title={Discovering value from community activity on focused question answering sites: a case study of stack overflow},
  author={Anderson, Ashton and Huttenlocher, Daniel and Kleinberg, Jon and Leskovec, Jure},
  booktitle={Proceedings of the 18th ACM SIGKDD international conference on Knowledge discovery and data mining},
  pages={850--858},
  year={2012},
  organization={ACM}
}